@book{hr,
author = "Michael Huth and Mark Ryan",
year = "2004",
title = "{Logic in computer science: Modelling and Reasoning about systems}",
publisher = "Cambridge University Press",
}

@misc{box,
author = "Ulrik Terp Rasmussen",
title = "{BoxProver}",
howpublished = "\url{http://boxprover.utr.dk}",
}
